\begin{thebibliography} {References}

@book{hackers_handbook,
title = {The Web Application Hacker's Handbook},
author = {Dafydd Stuttard, Marcus Pinto},
publisher = {Wiley Publishing, Inc.},
year = {2008}
}

@online{1_appsec_xss,
author = {Dave Wichers},
organization = {Aspect Security},
url = {https://www.owasp.org/images/3/30/AppSecEU2012_DOM-based_XSS.pdf},
urldate = {2013-11-24},
year = {2012}
}

@online{1_webapp_sec,
author = {Wikipedia},
organization = {Wikipedia},
url = {http://en.wikipedia.org/wiki/Web_application_security},
title = {Web application security},
Urldate = {2013-08-20},
year = {2009},
}

@online{2_webapp_sec,
author = {Techopedia},
organization = {Janalta Interactive Inc},
url = {http://www.techopedia.com/definition/24377/web-application-security},
title = {Web Application Security, Definition},
year = {2013},
Urldate = {2013-08-21}
}

@online{1_owasp,
author = {OWASP},
organization = {Open Web Application Security Project},
url = {https://www.owasp.org/index.php/About_OWASP},
title = {About OWASP},
year = 2013,
urldate = {2013-08-21}
}

@online{2_owasp_10,
author = {OWASP},
organization = {Open Web Application Security Project},
url = {https://www.owasp.org/index.php/Top_10_2013-Top_10},
title = {OWASP Top Ten 2013},
year = {2013},
urldate = {2013-08-21}
}

@online{3_owasp_10,
author = {OWASP},
organization = {Open Web Application Security Project},
url = {https://www.owasp.org/index.php/Top_10_2010-Main},
title = {OWASP Top Ten 2013},
year = {2013},
urldate = {2013-08-21}
}

@online{4_owasp_sqli,
author = {OWASP},
organization = {Open Web Application Security Project},
url = {https://www.owasp.org/index.php/Preventing_SQL_Injection_in_Java},
title = {Preventing SQL Injection in Java},
year = {2013},
urldate = {2013-10-21}
}

@online{5_owasp_sqli_error,
author = {OWASP},
organization = {Open Web Application Security Project},
url = {https://www.owasp.org/index.php/Testing_for_SQL_Injection_(OWASP-DV-005)#Error_based_Exploitation_technique},
title = {Error based Exploitation Technique},
year = {2013},
urldate = {2013-10-21}
}

@online{6_owasp_sqli_prevention,
author = {OWASP},
organization = {Open Web Application Security Project},
url = {https://www.owasp.org/index.php/Preventing_SQL_Injection_in_Java},
title = {Preventing SQL Injection in Java},
year = {2013},
urldate = {2013-11-7}
}

@online{6_owasp_sqli_defensive_programming,
author = {OWASP},
organization = {Open Web Application Security Project},
url = {https://www.owasp.org/index.php/Reviewing_Code_for_SQL_Injection},
title = {Preventing SQL Injection in Java},
year = {2013},
urldate = {2013-11-7}
}

@online{7_owasp_justification,
author = {\ac{OWASP}},
organization =  {\ac{OWASP}},
url = {https://www.owasp.org/index.php/Business_Justification_for_Application_Security_Assessment},
title = {Business Justification for Application Security Assessment},
year = {2012},
urldate = {2014-13-1}
}

@online{1_imperva_study,
author = {Imperva Inc.},
organization =  {Imperva Inc.},
url = {http://www.imperva.com/application_defense_center/papers/how_safe_is_it.html},
title = {How Safe Is It},
year = {2012},
urldate = {2014-13-1}

}

@online{1_marcofolio_sqli_prevention,
author = {Marco Kuiper},
url = {http://www.marcofolio.net/features/how_you_can_prevent_an_sql_injection.html},
title = {How to prevent an SQL injection},
year = {2013},
urldate = {2013-11-7}
}

@online{1_orm,
author = {Wikipedia},
organization = {Wikipedia},
url = {http://de.wikipedia.org/wiki/Objektrelationale_Abbildung},
title = {Objektrelationale Abbildung},
year = {2007},
urldate = {2013-08-21}
}

@book{2_orm_hibernate,
author = {Christian Bauer, Gavin King},
title = {Hibernate in Action},
publisher = {Manning Publications Co.},
year = {2005},
}

@online{3_orm_jpa,
author = {Wikipedia},
organization = {Wikipedia},
url = {http://en.wikipedia.org/wiki/Java_Persistence_API},
title = {Java Persistence API},
year = {2014},
urldate = {2014-13-1}
}

@online{1_apache_tapestry,
author = {Apache Softwarefoundation},
organization = {Apache Softwarefoundation},
url = {http://tapestry.apache.org/},
title = {Tapestry 5},
year = {2013},
urldate = {2013-09-22}
}

@online{1_sqli,
author = {Slavik Markovich},
organization = {McAfee},
url = {http://www.nocoug.org/download/2013-02/NoCOUG_201302_Slavik_Markovich_SQL_Injection_in_Web_Applications.pdf},
title = {SQL Injection in Web Applications},
urldate = {2013-10-15},
year = {2013}
}

@INPROCEEDINGS{2_sqli,
  author =       {William G.J. Halfond and Jeremy Viegas and Alessandro Orso},
  title =        {A Classification of SQL-Injection Attacks and Countermeasures},
  booktitle =    {Proceedings of the IEEE International Symposium on Secure Software Engineering},
  OPTpages =     {},
  address =      {Arlington, VA, USA},
  month =        {March},
  year =         {2006},
}

@online{1_csrf_prevention_owasp,
author = {Open Web Application Security Project},
organization = {Open Web Application Security Project},
url = {https://www.owasp.org/index.php/Cross-Site_Request_Forgery_(CSRF)_Prevention_Cheat_Sheet},
title = {Cross-Site Request Forgery (CSRF) Prevention Cheat Sheet},
urldate = {2013-11-20},
year = {2013}
}

@online {1_xss_types_owasp,
author = {Open Web Application Security Project}, 
organization = {Open Web Application Security Project},
url = {https://www.owasp.org/index.php/XSS#Stored_and_Reflected_XSS_Attacks},
title = {Cross-Site Scripting, Stored and Reflected XSS Attacks},
urldate = {2013-11-20},
year = {2013}
}

@article {1_auth,
author = {Gail-Joon Ahn, Ravi Sandhu},
title = {Role-Based Authorization Constraints Specification},
organization = {University of North Carolina at Charlotte, George Mason University},
journal = {ACM Transactions on Information and Systems Security (TISSEC), Volume 3},
year = {2000},
volume = {3},
number = {4}
}

@manual {1_webobjects,
author = {Apple},
year = {1999},
title = {WebObjects Framework - Java API Reference}
}

@online {2_webobjects,
author = {Wikipedia},
year = {2013},
title = {WebObjects},
url = {http://en.wikipedia.org/wiki/WebObjects#Core_frameworks},
urldate = {2014-13-1}
}

\end{thebibliography}