\begin{thebibliography} {References}



%################
% Analyse und Auswertung #
%################

@book{Mayer2006,
address = {M{\"{u}}nchen},
author = {Mayer, Horst O.},
edition = {3., {\"{u}}berar Aufl.},
isbn = {9783486581225;3486581228;},
keywords = {Datenauswertung,Datensammlung,Empirische Sozialforschung,Empirische Soziologie,Fokusgruppe,Fragebogen,Interview,Sociology {\&} Social History,Sozialforschung},
pages = {186},
publisher = {Oldenbourg},
title = {{Interview und schriftliche Befragung: Entwicklung, Durchf{\"{u}}hrung und Auswertung}},
year = {2006}
}

@book{Mitchell2008,
abstract = {1. Aufl.},
author = {Mitchell, Tyler},
isbn = {3897217236},
publisher = {O'Reilly},
title = {{Web-Mapping mit Open-Source-GIS-Tools}},
year = {2008}
}

@article{Reiterer2000,
author = {Reiterer, H and Mann, T M and Mu{\ss}ler, G and Bleimann, U},
journal = {HMD, Praxis der Wirtschaftsinformatik},
number = {2000},
pages = {1--14},
title = {{Visualisierung von entscheidungsrelevanten Daten f{\"{u}}r das Management}},
volume = {212 04/200},
year = {2000}
}

@article{Yannopoulou2013,
author = {Yannopoulou, Natalia},
doi = {10.7903/cmr.11116},
isbn = {1813-5498},
issn = {18135498},
journal = {Contemporary Management Research},
keywords = {discourse,social media,user generated brands,user generated content},
number = {1},
pages = {85--90},
title = {{User-Generated Brands and Social Media: Couchsurfing and Airbnb}},
volume = {9},
year = {2013}
}

@online{McClendonYoutube,
        title = {The Next Dimension of Google Maps},
        date = {2012},
        organization = {Youtube},
        author = {Brian McClendon},
        url = {https://www.youtube.com/watch?v=HMBJ2Hu0NLw&feature=youtu.be&t=48m46s},
    }

@online{McClendonGoogleMapsBlog,
        title = {Building a better map of Europe},
        date = {2012},
        organization = {Google Maps},
        author = {Brian McClendon},
        url = {https://maps.googleblog.com/2012/12/building-better-map-of-europe.html},
    }

@online{GoogleMapsStreetview,
	title = {Street View: Erkunden Sie die Welt auf Straßenebene},
	date = {2016},
	url = {https://maps.google.com/help/maps/streetview/index.html?hl=de},
	OPTorganization = {Google maps Deutschland},
	OPTurldate = {08.2016},
}

@online{GoogleMapsEarthView,
	title = {3D-Bilder in der Earth-Ansicht ansehen},
	date = {2016},
	url = {https://support.google.com/maps/answer/3092441?hl=de},
}

@online{SchamberHamburgerIcon,
	title = {Der Hamburger – Das Menü-Icon von gestern?},
	date = {2015},
	author = {Andrej Schamber},
	url = {https://www.digitalmobil.com/hamburger-das-menu-icon-von-gestern/},
}

@online{SiebeckFlightradar,
        title = {Dem Flieger auf der Spur},
        date = {2016},
        organization = {Frankfurter Allgemeine},
        author = {Florian Siebeck},
        url = {http://www.faz.net/aktuell/technik-motor/auto-verkehr/flightradar24-dem-flieger-auf-der-spur-14245607.html},
    }

% #########################################################################################

%############
%   #SotA - Technologien
%############

@online{GoogleMapsApiUsage,
        title = {Google Maps API - FAQ: Understanding the Terms of Service},
        date = {2016},
       author = {Google Maps},
        organization = {Google Maps},
        url = {https://developers.google.com/maps/faq?csw=1#tos_password},
    }

@online{GoogleMapsNutzung,
        title = {Preise und Nutzungsmodelle},
        date = {2016},
        author = {Google Maps},
        organization = {Google Maps},
        url = {https://developers.google.com/maps/pricing-and-plans/?hl=de},
    }

@online{GoogleMapsExamples,
        title = {Code Samples},
        date = {2016},
        author = {Google Maps},
        organization = {Google Maps},
        url = {https://developers.google.com/maps/documentation/javascript/examples/?hl=de},
    }

@online{VergleichApi,
        title = {Survey of the Best Online Mapping Tools for Web Developers: The Roadmap to Roadmaps},
        date = {2016},
        author = {Tomislav Bacinger},
        url = {https://www.toptal.com/web/the-roadmap-to-roadmaps-a-survey-of-the-best-online-mapping-tools},
    }


@online{Openlayers,
        title = {OpenLayers Homepage},
        date = {2016},
        author = {OpenLayers},
        url = {https://openlayers.org/},
    }

@online{OpenlayersInfoSheet,
        title = {OpenLayers Info Sheet},
        date = {2016},
        author = {OSGeo},
        url = {http://www.osgeo.org/openlayers/},
    }

@online{OpenlayersExamples,
        title = {OpenLayers3 Examples},
        date = {2016},
        author = {OpenLayers},
        url = {http://openlayers.org/en/latest/examples/},
    }

@online{Leaflet,
        title = {Leaflet Homepage},
        date = {2016},
        author = {Vladimir Agafonkin},
        url = {http://leafletjs.com/index.html},
    }

@online{LeafletTutorials,
        title = {Leaflet Tutorials},
        date = {2016},
        author = {Vladimir Agafonkin},
        url = {http://leafletjs.com/examples.html},
    }

@online{LeafletLicense,
        title = {Leaflet FAQ},
        date = {2016},
        author = {Vladimir Agafonkin},
        url = {https://github.com/Leaflet/Leaflet/blob/master/FAQ.md#commercial-use-and-licensing},
    }

@online{LeafletMakeAMap,
        title = {Leaflet: Make a web map},
        date = {2016},
        author = {Ryan Mullins},
        organization = {Maptime Boston},
        url = {https://maptimeboston.github.io/leaflet-intro/},
    }

@online{TestingWebMapApi,
        title = {Testing web map APIs - Google vs OpenLayers vs Leaflet},
        date = {2014},
        author = {Robin Lovelace},
          url = {http://robinlovelace.net/software/2014/03/05/webmap-test.html},
    }



% #########################################################################################

%############
%   #Normen
%############

@book{Iso9241_11,
author = {{CEN - Europäisches Komitee für Normung}},
publisher = {CEN - Europäisches Komitee für Normung},
title = {{Ergonomische Anforderungen für Bürotätigkeiten mit Bildschirmgeräten - Teil 11: Anforderungen an die Gebrauchstauglichkeit - Leitsätze (ISO 9241-11:1998)}},
year = {1998}
}

@book{Iso9241_110,
author = {{ Normenausschuss Ergonomie (NAErg) im DIN und Normenausschuss Informationstechnik und Anwendung (NIA) im DIN}},
publisher = {{DIN Deutsches Institut für Normung e.V.}},
title = {{Ergonomie der Mensch-System-Interaktion - Teil 110: Grundsätze der Dialoggestaltung (DIN EN ISO 9241-110:2006)}},
year = {2008}
}

% #########################################################################################

%#############
%    #Usabilitiy
%#############


@book{Burmester,
author = {Burmester, Michael},
edition = {Kompendium Informationsdesign},
pages = {321--358},
title = {{Usability-Engineering}},
year = {2008},
publisher = {Springer}
}

@book{Niegemann2008,
author = {Niegemann, H. M. and Domagk, S. and Hessel, A. and Hupfer, M. and Zobel, A.},
edition = {Kompendium multimediales Lernen},
pages = {419--453},
title = {{Usability}},
year = {2008},
publisher = {Springer}
}

@book{Koyani2004,
 title = {Research-Based Web Design \& Usability Guidelines},
author = {Koyani, Sanjay J and Bailey, Robert W and Nall, Janice R and Allison, Susan and Mulligan, Conrad and Bailey, Kent and Tolson, Mark},
 year = {2006},
 isbn = {0160762707},
 publisher = {U.S. Dept. of Health and Human Services},
key = {{$\!\!$}} ,
} 


% #########################################################################################

%############
%     # Verfahren
%############

@article{Laugwitz2006,
author = {Laugwitz, Bettina and Schrepp, Martin and Held, Theo},
journal = {Mensch {\&} Computer Mensch und Computer im StrukturWandel. M{\"{u}}nchen},
pages = {125--134},
title = {{Konstruktion eines Fragebogens zur Messung der User Experience von Softwareprodukten}},
year = {2006}
}

@phdthesis{Ollermann2007,
author = {Ollermann, Frank},
pages = {1-304},
school = {Universit{\"{a}}t Osnabr{\"{u}}ck},
title = {{Entwicklung und Validierung eines Fragebogens zur Evaluation der Gebrauchstauglichkeit von Online-Shops}},
year = {2007}
}

@book{IsonormL,
author = {Pr{\"{u}}mper, Jochen and Anft, Micael},
title = {{ISONORM 9241/110 (Langfassung)}},
year = {1993}
}


@book{IsoMetricS,
author = {Willumeit, Heinz},
institution = {Universit{\"{a}}t Osnabr{\"{u}}ck},
title = {{IsoMetrics S - Fragebogen zur Evaluation von graphischen Benutzungsschnittstellen - kurz}},
year = {1997}
}

% #########################################################################################

%############
%     # Implementierung
%############

@online{PythonTyped,
        title = {Why is Python a dynamic language and also a strongly typed language},
        date = {2012},
        author = {{Python Software Foundation}},
        organization = {{Python Software Foundation}},
        url = {https://wiki.python.org/moin/Why%20is%20Python%20a%20dynamic%20language%20and%20also%20a%20strongly%20typed%20language},
    }

@online{PythonDoc,
        title = {Python 2.7.12 documentation},
        date = {2016},
        author = {{Python Software Foundation}},
        organization = {{Python Software Foundation}},
        url = {https://docs.python.org/2.7/},
    }

@online{PythonStackoverflow,
        title = {About python},
        date = {2016},
        author = {{stackoverflow}},
        organization = {{stackoverflow}},
        url = {http://stackoverflow.com/tags/python/info},
    }

@online{DjangoMVC,
        title = {Django appears to be a MVC framework, but you call the Controller the “view”, and the View the “template”. How come you don’t use the standard names?},
        date = {2016},
        author = {{Django Software Foundation}},
        organization = {{Django Software Foundation}},
        url = {https://docs.djangoproject.com/en/dev/faq/general/#django-appears-to-be-a-mvc-framework-but-you-call-the-controller-the-view-and-the-view-the-template-how-come-you-don-t-use-the-standard-names},
    }

@online{DjangoDoc,
        title = {Django documentation},
        date = {2016},
        author = {{Django Software Foundation}},
        organization = {{Django Software Foundation}},
        url = {https://docs.djangoproject.com/en/1.10/},
    }

@online{DjangoStackoverflow,
        title = {About django},
        date = {2016},
        author = {{stackoverflow}},
        organization = {{stackoverflow}},
        url = {http://stackoverflow.com/tags/django/info},
    }


@online{Stamen,
        title = {Stamen Maps Homepage},
        date = {2016},
        author = {{Stamen Maps}},
        organization = {Stamen Maps},
        url = {http://stamen.com/work/maps-stamen-com/},
    }

% #########################################################################################

%############
%     # Reflexion
%############

@article{SketchThruPlan,
author = {Cohen, B Y Philip R and Kaiser, Edward C and Buchanan, M Cecelia and Lind, Scott and Corrigan, Michael J and Wesson, R Matthews},
journal = {COMMUNICATIONS ACM},
number = {04},
pages = {56ff},
title = {{Sketch-Thru-Plan: A Multimodal Interface for Command and Control}},
volume = {58},
year = {2015}
}

@article{GeoHealth,
author = {Christensen, Claus M and Kjeldskov, Jesper and Rasmussen, Klaus K and Vej, Selma Lagerl{\"{o}}fs},
journal = {Conference of the Computer-Human Interaction Special Interest Group (CHISIG) of Australia on Computer-Human Interaction: Design, Activities, Artifacts and Environments},
number = {November},
pages = {273--281},
title = {{GeoHealth : A Location-based Service for Nomadic Home Healthcare Workers}},
year = {2007}
}


% #########################################################################################

%############
%     #
%############


\end{thebibliography}
